% Encoding: windows-1252

@book{ebel2019mastering,
  author    = {Ebel, Nate},
  title     = {Mastering Kotlin : learn advanced Kotlin programming techniques to build apps for Android, iOS, and the web},
  publisher = {Packt Publishing},
  year      = {2019},
  address   = {Birmingham, UK},
  isbn      = {978-1838555726}
}

@book{fazio2021kotlin,
  author    = {FAZIO, MICHAEL},
  title     = {KOTLIN AND ANDROID DEVELOMENT FEATURING JETPACK},
  publisher = {THE PRAGMATIC PROGRAMMERS},
  year      = {2021},
  address   = {S.l},
  isbn      = {978-1680508154}
}

@book{skeen2018kotlin,
  author    = {Skeen, Josh},
  title     = {Kotlin programming : the Big Nerd Ranch guide},
  publisher = {Big Nerd Ranch},
  year      = {2018},
  address   = {Atlanta, GA},
  isbn      = {0135161630}
}

@book{griffiths2019head,
  author    = {Griffiths, Dawn},
  title     = {Head first Kotlin : a brain-friendly guide},
  publisher = {O'Reilly},
  year      = {2019},
  address   = {Sebastopol, CA},
  isbn      = {1491996692}
}

@Comment{jabref-meta: databaseType:bibtex;}
